<record><leader>00000cas a22000007a 4500</leader><controlfield tag="001">15079989</controlfield><controlfield tag="008">870116d19651968inuwr ne      0    0eng d</controlfield><datafield ind1=" " ind2=" " tag="010"><subfield code="a">sn 87055085 </subfield></datafield><datafield ind1=" " ind2=" " tag="040"><subfield code="a">NPI</subfield><subfield code="b">eng</subfield><subfield code="c">NPI</subfield><subfield code="d">OCLCQ</subfield><subfield code="d">IUL</subfield><subfield code="d">OCLCF</subfield></datafield><datafield ind1=" " ind2=" " tag="043"><subfield code="a">n-us-in</subfield></datafield><datafield ind1="0" ind2=" " tag="130"><subfield code="a">Community press (Swayzee, Ind.)</subfield></datafield><datafield ind1="1" ind2="4" tag="245"><subfield code="a">The Community press.</subfield></datafield><datafield ind1=" " ind2=" " tag="260"><subfield code="a">Swayzee, Ind. :</subfield><subfield code="b">Lake Pub. Co.,</subfield><subfield code="c">1965-1968.</subfield></datafield><datafield ind1=" " ind2=" " tag="300"><subfield code="a">2 volumes</subfield></datafield><datafield ind1=" " ind2=" " tag="310"><subfield code="a">Weekly</subfield></datafield><datafield ind1="0" ind2=" " tag="362"><subfield code="a">Vol. 70, no. 13 [i.e. 12] (Apr. 22, 1965)-v. 72, no. 6 (Apr. 26, 1968).</subfield></datafield><datafield ind1=" " ind2=" " tag="515"><subfield code="a">Vol. 70, no. 12-14 misnumbered v. 70, no. 13-15.</subfield></datafield><datafield ind1=" " ind2="0" tag="651"><subfield code="a">Swayzee (Ind.)</subfield><subfield code="v">Newspapers.</subfield></datafield><datafield ind1=" " ind2="0" tag="651"><subfield code="a">Grant County (Ind.)</subfield><subfield code="v">Newspapers.</subfield></datafield><datafield ind1=" " ind2="7" tag="651"><subfield code="a">Indiana</subfield><subfield code="z">Grant County.</subfield><subfield code="2">fast</subfield><subfield code="0">(OCoLC)fst01207493</subfield></datafield><datafield ind1=" " ind2="7" tag="651"><subfield code="a">Indiana</subfield><subfield code="z">Swayzee.</subfield><subfield code="2">fast</subfield><subfield code="0">(OCoLC)fst01880890</subfield></datafield><datafield ind1=" " ind2="7" tag="655"><subfield code="a">Newspapers.</subfield><subfield code="2">fast</subfield><subfield code="0">(OCoLC)fst01423814</subfield></datafield><datafield ind1=" " ind2=" " tag="752"><subfield code="a">United States</subfield><subfield code="b">Indiana</subfield><subfield code="c">Grant</subfield><subfield code="d">Swayzee.</subfield></datafield><datafield ind1="0" ind2="0" tag="780"><subfield code="t">Swayzee press (Swayzee, Ind. : 1894)</subfield><subfield code="w">(DLC)sn 87055084</subfield><subfield code="w">(OCoLC)15145574</subfield></datafield><datafield ind1="0" ind2="0" tag="785"><subfield code="t">Swayzee press (Swayzee, Ind. : 1968)</subfield><subfield code="w">(DLC)sn 87055086</subfield><subfield code="w">(OCoLC)15080042</subfield></datafield></record>